<record><leader>00000cas a22000007a 4500</leader><controlfield tag="001">6450221</controlfield><controlfield tag="007">hd bfb---b|c|</controlfield><controlfield tag="008">800623d19711994cauwr nea     0    0spa c</controlfield><datafield ind1=" " ind2=" " tag="010"><subfield code="a">  2003241572</subfield></datafield><datafield ind1=" " ind2=" " tag="040"><subfield code="a">IXA</subfield><subfield code="b">eng</subfield><subfield code="c">IXA</subfield><subfield code="d">OCL</subfield><subfield code="d">IXA</subfield><subfield code="d">DLC</subfield><subfield code="d">OCLCQ</subfield><subfield code="d">OCLCF</subfield><subfield code="d">OCLCO</subfield></datafield><datafield ind1="1" ind2=" " tag="029"><subfield code="a">AU@</subfield><subfield code="b">000025053918</subfield></datafield><datafield ind1="0" ind2=" " tag="041"><subfield code="a">spa</subfield><subfield code="a">eng</subfield></datafield><datafield ind1=" " ind2=" " tag="042"><subfield code="a">pcc</subfield></datafield><datafield ind1=" " ind2=" " tag="043"><subfield code="a">n-us-ca</subfield></datafield><datafield ind1="0" ind2="0" tag="050"><subfield code="a">Newspaper</subfield></datafield><datafield ind1="0" ind2=" " tag="130"><subfield code="a">Mundo (Berkeley, Calif.)</subfield></datafield><datafield ind1="1" ind2="3" tag="245"><subfield code="a">El mundo</subfield><subfield code="h">[microform].</subfield></datafield><datafield ind1="1" ind2=" " tag="246"><subfield code="i">Issues for Apr. 0-May May 28, 1981 have title:</subfield><subfield code="a">Mundo and La verdad</subfield></datafield><datafield ind1=" " ind2=" " tag="260"><subfield code="a">Berkeley, Calif. :</subfield><subfield code="b">Toma&#769;s Gaona,</subfield><subfield code="c">1971-</subfield></datafield><datafield ind1=" " ind2=" " tag="300"><subfield code="a">v. :</subfield><subfield code="b">ill.</subfield></datafield><datafield ind1=" " ind2=" " tag="310"><subfield code="a">Weekly</subfield></datafield><datafield ind1="0" ind2=" " tag="362"><subfield code="a">T. 12, no. 1 (7 de enero de 1971)-</subfield></datafield><datafield ind1="1" ind2=" " tag="362"><subfield code="a">Ceased with An&#771;o 30, no. 27 (23 de nov. de 1994).</subfield></datafield><datafield ind1=" " ind2=" " tag="500"><subfield code="a">Published in Oakland, Calif., Oct. 12, 1972-1994.</subfield></datafield><datafield ind1=" " ind2=" " tag="546"><subfield code="a">In Spanish with a section in English.</subfield></datafield><datafield ind1=" " ind2=" " tag="588"><subfield code="a">Latest issue consulted: Vol. 10, no. 27 (Dec. 26, 1980).</subfield></datafield><datafield ind1=" " ind2=" " tag="533"><subfield code="a">Microfilm.</subfield><subfield code="m">1971-1980:[Gaps]</subfield><subfield code="b">Palo Alto, Calif. :</subfield><subfield code="c">Bay Microfilm, Inc., Library Microfilm Division,</subfield><subfield code="d">[1980?].</subfield><subfield code="e">9 microfilm reels ; 35 mm</subfield><subfield code="n">Filmed with other titles.</subfield></datafield><datafield ind1=" " ind2="0" tag="651"><subfield code="a">Berkeley (Calif.)</subfield><subfield code="v">Newspapers.</subfield></datafield><datafield ind1=" " ind2="0" tag="651"><subfield code="a">Oakland (Calif.)</subfield><subfield code="v">Newspapers.</subfield></datafield><datafield ind1=" " ind2="0" tag="650"><subfield code="a">Hispanic Americans</subfield><subfield code="z">California</subfield><subfield code="v">Newspapers.</subfield></datafield><datafield ind1=" " ind2="0" tag="650"><subfield code="a">Hispanic Americans</subfield><subfield code="v">Newspapers.</subfield></datafield><datafield ind1=" " ind2="7" tag="655"><subfield code="a">Newspapers.</subfield><subfield code="2">fast</subfield><subfield code="0">(OCoLC)fst01423814</subfield></datafield><datafield ind1=" " ind2="7" tag="650"><subfield code="a">Hispanic Americans.</subfield><subfield code="2">fast</subfield><subfield code="0">(OCoLC)fst00957523</subfield></datafield><datafield ind1=" " ind2="7" tag="651"><subfield code="a">California.</subfield><subfield code="2">fast</subfield><subfield code="0">(OCoLC)fst01204928</subfield></datafield><datafield ind1=" " ind2="7" tag="651"><subfield code="a">California</subfield><subfield code="z">Berkeley.</subfield><subfield code="2">fast</subfield><subfield code="0">(OCoLC)fst01205020</subfield></datafield><datafield ind1=" " ind2="7" tag="651"><subfield code="a">California</subfield><subfield code="z">Oakland.</subfield><subfield code="2">fast</subfield><subfield code="0">(OCoLC)fst01206605</subfield></datafield><datafield ind1=" " ind2=" " tag="752"><subfield code="a">United States</subfield><subfield code="b">California</subfield><subfield code="c">Alameda</subfield><subfield code="d">Berkeley.</subfield></datafield><datafield ind1=" " ind2=" " tag="752"><subfield code="a">United States</subfield><subfield code="b">California</subfield><subfield code="c">Alameda</subfield><subfield code="d">Oakland.</subfield></datafield><datafield ind1="1" ind2=" " tag="776"><subfield code="c">Original</subfield><subfield code="w">(DLC)sn 89029367</subfield><subfield code="w">(OCoLC)10916721</subfield></datafield><datafield ind1="0" ind2="0" tag="780"><subfield code="t">Mundo hispano (Berkeley, Calif.)</subfield><subfield code="w">(DLC)sn 86090812</subfield><subfield code="w">(OCoLC)15255934</subfield></datafield><datafield ind1="0" ind2="5" tag="780"><subfield code="t">Verdad (Fremont, Calif.)</subfield><subfield code="w">(DLC)sn 94052464</subfield><subfield code="w">(OCoLC)31740929</subfield></datafield><datafield ind1="0" ind2="0" tag="785"><subfield code="t">Oakland post, El mundo</subfield><subfield code="w">(DLC)sn 96061866</subfield><subfield code="w">(OCoLC)32618685</subfield></datafield><datafield ind1=" " ind2=" " tag="850"><subfield code="a">DLC</subfield></datafield></record>